@misc{LHDWR14,
       author = "David Silver",
       title = "Deterministic Policy Gradient Algorithms",
       booktitle = "ICML",
       series = "JMLR Workshop and Conference Proceedings",
       volume = "32",
       pages = "387--395",
       publisher = "JMLR.org",
       year = "2014"}

@article{mnih2015humanlevel,
  author = {Mnih, Volodymyr and Kavukcuoglu, Koray and Silver, David and Rusu, Andrei A. and Veness, Joel and Bellemare, Marc G. and Graves, Alex and Riedmiller, Martin and Fidjeland, Andreas K. and Ostrovski, Georg and Petersen, Stig and Beattie, Charles and Sadik, Amir and Antonoglou, Ioannis and King, Helen and Kumaran, Dharshan and Wierstra, Daan and Legg, Shane and Hassabis, Demis},
  journal = {Nature},
  month = {feb},
  number = {7540},
  pages = {529--533},
  publisher = {Nature Publishing Group, a division of Macmillan Publishers Limited. All Rights Reserved.},
  title = {Human-level control through deep reinforcement learning},
  volume = {518},
  year = {2015}}

@article{LillicrapHPHETS15,
  author    = {Timothy P. Lillicrap and
               Jonathan J. Hunt and
               Alexander Pritzel and
               Nicolas Heess and
               Tom Erez and
               Yuval Tassa and
               David Silver and
               Daan Wierstra},
  title     = {Continuous control with deep reinforcement learning},
  journal   = {CoRR},
  volume    = {abs/1509.02971},
  year      = {2015}
}

@inproceedings{ClaveraRS0AA18,
  author    = {Ignasi Clavera and
               Jonas Rothfuss and
               John Schulman and
               Yasuhiro Fujita and
               Tamim Asfour and
               Pieter Abbeel},
  title     = {Model-Based Reinforcement Learning via Meta-Policy Optimization},
  booktitle = {CoRL},
  series    = {Proceedings of Machine Learning Research},
  volume    = {87},
  pages     = {617--629},
  publisher = {PMLR},
  year      = {2018}
}

@inproceedings{MnihBMGLHSK16,
  author    = {Volodymyr Mnih and
               Adri{\`{a}} Puigdom{\`{e}}nech Badia and
               Mehdi Mirza and
               Alex Graves and
               Timothy P. Lillicrap and
               Tim Harley and
               David Silver and
               Koray Kavukcuoglu},
  title     = {Asynchronous Methods for Deep Reinforcement Learning},
  booktitle = {ICML},
  series    = {{JMLR} Workshop and Conference Proceedings},
  volume    = {48},
  pages     = {1928--1937},
  publisher = {JMLR.org},
  year      = {2016}
}

@article{Barth2018,
  author    = {Gabriel Barth{-}Maron and
               Matthew W. Hoffman and
               David Budden and
               Will Dabney and
               Dan Horgan and
               Dhruva TB and
               Alistair Muldal and
               Nicolas Heess and
               Timothy P. Lillicrap},
  title     = {Distributed Distributional Deterministic Policy Gradients},
  journal   = {CoRR},
  volume    = {abs/1804.08617},
  year      = {2018}
}


